@article{kapoor2022leakage,
  title={Leakage and the reproducibility crisis in machine-learning-based science},
  author={Kapoor, Sayash and Narayanan, Arvind},
  journal={Patterns},
  volume={4},
  number={9},
  pages={100804},
  year={2023},
  publisher={Elsevier},
  doi={10.1016/j.patter.2023.100804}
}

@article{desai2025reproducibility,
  title={What is reproducibility in artificial intelligence and machine learning research?},
  author={Desai, Tanmay and Oza, Pranjal and Sharma, Anant and Patel, Vishal M},
  journal={AI Magazine},
  volume={46},
  number={1},
  pages={70004},
  year={2025},
  publisher={Wiley Online Library},
  doi={10.1002/aaai.70004}
}

@article{henderson2018deep,
  title={Deep reinforcement learning that matters},
  author={Henderson, Peter and Islam, Riashat and Bachman, Philip and Pineau, Joelle and Precup, Doina and Meger, David},
  journal={Proceedings of the AAAI Conference on Artificial Intelligence},
  volume={32},
  number={1},
  year={2018}
}

@inproceedings{lucic2018gans,
  title={Are gans created equal? a large-scale study},
  author={Lucic, Mario and Kurach, Karol and Michalski, Marcin and Gelly, Sylvain and Bousquet, Olivier},
  booktitle={Advances in neural information processing systems},
  volume={31},
  year={2018}
}

@article{demsar2006statistical,
  title={Statistical comparisons of classifiers over multiple data sets},
  author={Dem{\v{s}}ar, Janez},
  journal={The Journal of Machine Learning Research},
  volume={7},
  pages={1--30},
  year={2006},
  publisher={JMLR.org}
}

@article{patil2022statistical,
  title={Statistical quantification of confounding bias in machine learning models},
  author={Patil, Prashnna and McDermott, Matthew BA and Levy, Roger and Dalca, Adrian V and Fiterau, Madalina},
  journal={GigaScience},
  volume={11},
  pages={giac082},
  year={2022},
  publisher={Oxford University Press},
  doi={10.1093/gigascience/giac082}
}

@article{pineau2021improving,
  title={Reproducibility standards for machine learning in the life sciences},
  author={Pineau, Joelle and Vincent-Lamarre, Philippe and Sinha, Koustuv and Larivi{\`e}re, Vincent and Beygelzimer, Alina and d'Alch{\'e}-Buc, Florence and Fox, Emily and Larochelle, Hugo},
  journal={Nature Methods},
  volume={18},
  number={10},
  pages={1132--1135},
  year={2021},
  publisher={Nature Publishing Group},
  doi={10.1038/s41592-021-01256-7}
}

@article{heil2021reproducibility,
  title={Reproducibility standards for machine learning in the life sciences},
  author={Heil, Benedikt J and Hoffman, Michael M and Markowetz, Florian and Lee, Su-In and Greene, Casey S and Hicks, Stephanie C},
  journal={Nature Methods},
  volume={18},
  number={10},
  pages={1132--1135},
  year={2021},
  publisher={Nature Publishing Group}
}

@article{mao2023theoretical,
  title={Cross-entropy loss functions: theoretical analysis and applications},
  author={Mao, Anqi and Mohri, Mehryar and Zhong, Yutao},
  journal={arXiv preprint arXiv:2304.07288},
  year={2023}
}

@article{wang2022comprehensive,
  title={A comprehensive survey of loss functions and metrics in deep learning},
  author={Wang, Qian and Ma, Yingjie and Zhao, Kewei and Tian, Yuxuan},
  journal={Artificial Intelligence Review},
  pages={1--63},
  year={2025},
  publisher={Springer},
  doi={10.1007/s10462-025-11198-7}
}

@article{goodfellow2020generative,
  title={Generative adversarial networks},
  author={Goodfellow, Ian and Pouget-Abadie, Jean and Mirza, Mehdi and Xu, Bing and Warde-Farley, David and Ozair, Sherjil and Courville, Aaron and Bengio, Yoshua},
  journal={Communications of the ACM},
  volume={63},
  number={11},
  pages={139--144},
  year={2020},
  publisher={ACM}
}

@inproceedings{he2016deep,
  title={Deep residual learning for image recognition},
  author={He, Kaiming and Zhang, Xiangyu and Ren, Shaoqing and Sun, Jian},
  booktitle={Proceedings of the IEEE conference on computer vision and pattern recognition},
  pages={770--778},
  year={2016}
}

@article{devlin2018bert,
  title={BERT: Pre-training of Deep Bidirectional Transformers for Language Understanding},
  author={Devlin, Jacob and Chang, Ming-Wei and Lee, Kenton and Toutanova, Kristina},
  journal={arXiv preprint arXiv:1810.04805},
  year={2018}
}

@article{bouthillier2019unreproducible,
  title={Unreproducible research is reproducible},
  author={Bouthillier, Xavier and Laurent, C{\'e}sar and Vincent, Pascal},
  journal={Proceedings of the 36th International Conference on Machine Learning},
  volume={97},
  pages={725--734},
  year={2019}
}

@article{olson2017pmlb,
  title={PMLB: a large benchmark suite for machine learning evaluation and comparison},
  author={Olson, Randal S and La Cava, William and Orzechowski, Patryk and Urbanowicz, Ryan J and Moore, Jason H},
  journal={BioData mining},
  volume={10},
  number={1},
  pages={1--13},
  year={2017},
  publisher={BioMed Central}
}

@article{gundersen2018state,
  title={State of the art: Reproducibility in artificial intelligence},
  author={Gundersen, Odd Erik and Kjensmo, Sigbj{\o}rn},
  journal={Proceedings of the AAAI Conference on Artificial Intelligence},
  volume={32},
  number={1},
  year={2018}
}

@article{hutson2018artificial,
  title={Artificial intelligence faces reproducibility crisis},
  author={Hutson, Matthew},
  journal={Science},
  volume={359},
  number={6377},
  pages={725--726},
  year={2018},
  publisher={American Association for the Advancement of Science}
}

@article{raschka2020model,
  title={Model evaluation, model selection, and algorithm selection in machine learning},
  author={Raschka, Sebastian},
  journal={arXiv preprint arXiv:1811.12808},
  year={2020}
}

@article{bischl2023openml,
  title={OpenML: networked science in machine learning},
  author={Bischl, Bernd and Casalicchio, Giuseppe and Feurer, Matthias and Gijsbers, Pieter and Hutter, Frank and Lang, Michel and Mantovani, Rafael G and van Rijn, Jan N and Vanschoren, Joaquin},
  journal={ACM SIGKDD Explorations Newsletter},
  volume={15},
  number={2},
  pages={49--60},
  year={2013},
  publisher={ACM}
}

@inproceedings{lipton2018troubling,
  title={Troubling trends in machine learning scholarship: Some ML papers suffer from flaws that could mislead the public and stymie future research},
  author={Lipton, Zachary C and Steinhardt, Jacob},
  booktitle={Communications of the ACM},
  volume={62},
  number={10},
  pages={45--53},
  year={2019},
  publisher={ACM}
}

@article{sculley2018winner,
  title={Winner's curse? on pace, progress, and empirical rigor},
  author={Sculley, D and Snoek, Jasper and Wiltschko, Alex and Rahimi, Ali},
  journal={Proceedings of the International Conference on Learning Representations (ICLR)},
  year={2018}
}